<record><leader>00000cas a2200000 a 4500</leader><controlfield tag="001">15356062</controlfield><controlfield tag="008">870323d18381841pauwr ne      0    0eng c</controlfield><datafield ind1=" " ind2=" " tag="010"><subfield code="a">sn 87080507 </subfield></datafield><datafield ind1=" " ind2=" " tag="040"><subfield code="a">NPH</subfield><subfield code="b">eng</subfield><subfield code="c">NPH</subfield><subfield code="d">NVF</subfield><subfield code="d">OCLCQ</subfield><subfield code="d">OCLCF</subfield><subfield code="d">OCLCO</subfield></datafield><datafield ind1="1" ind2=" " tag="029"><subfield code="a">AU@</subfield><subfield code="b">000020482189</subfield></datafield><datafield ind1=" " ind2=" " tag="042"><subfield code="a">pcc</subfield></datafield><datafield ind1=" " ind2=" " tag="043"><subfield code="a">n-us-pa</subfield></datafield><datafield ind1="0" ind2=" " tag="130"><subfield code="a">Montrose volunteer (Montrose, Pa. : 1838)</subfield></datafield><datafield ind1="1" ind2="0" tag="245"><subfield code="a">Montrose volunteer.</subfield></datafield><datafield ind1=" " ind2=" " tag="260"><subfield code="a">Montrose, Pa. :</subfield><subfield code="b">C.F. Read,</subfield><subfield code="c">1838-1841.</subfield></datafield><datafield ind1=" " ind2=" " tag="300"><subfield code="a">v.</subfield></datafield><datafield ind1=" " ind2=" " tag="310"><subfield code="a">Weekly</subfield></datafield><datafield ind1="0" ind2=" " tag="362"><subfield code="a">Vol. 8, no. 1 (Nov. 29, 1838)-v. 10, no. 26 (May 20, 1841).</subfield></datafield><datafield ind1=" " ind2="0" tag="651"><subfield code="a">Montrose (Susquehanna County, Pa.)</subfield><subfield code="v">Newspapers.</subfield></datafield><datafield ind1=" " ind2="7" tag="655"><subfield code="a">Newspapers.</subfield><subfield code="2">fast</subfield><subfield code="0">(OCoLC)fst01423814</subfield></datafield><datafield ind1=" " ind2="7" tag="651"><subfield code="a">Pennsylvania</subfield><subfield code="z">Montrose (Susquehanna County)</subfield><subfield code="2">fast</subfield><subfield code="0">(OCoLC)fst01319651</subfield></datafield><datafield ind1=" " ind2=" " tag="752"><subfield code="a">United States</subfield><subfield code="b">Pennsylvania</subfield><subfield code="c">Susquehanna</subfield><subfield code="d">Montrose.</subfield></datafield><datafield ind1="0" ind2="0" tag="780"><subfield code="t">Independent volunteer (Montrose, Pa. : 1831)</subfield><subfield code="w">(DLC)sn 86081790</subfield></datafield><datafield ind1="0" ind2="7" tag="785"><subfield code="t">North star (Montrose, Pa.)</subfield><subfield code="w">(DLC)sn 86071941</subfield></datafield><datafield ind1="0" ind2="7" tag="785"><subfield code="t">Montrose volunteer, and North star</subfield><subfield code="w">(DLC)sn 86081888</subfield></datafield></record>